
 @misc{.netguide_2020, title={Basics of razor pages}, url={https://www.jetbrains.com/dotnet/guide/tutorials/basics/razor-pages/#:~:text=Razor%20Pages%20is%20a%20newer,directory%20equates%20to%20an%20endpoint.}, journal={.NET Guide}, year={2020}, month={Jun}}
 
 @misc{.springdoc, title={Spring Framework}, url={https://spring.io/projects/spring-framework}, journal={Spring Framework}}
 
 @misc{.reactdoc, title={ReactJS}, url={https://reactjs.org/docs/getting-started.html}, journal={ReactJS}}
  
 @misc{.springjpa, title={Spring JPA}, url={https://docs.spring.io/spring-data/jpa/docs/current/reference/html/}, journal={Spring JPA}}
 

 